%% This BibTeX bibliography file was created using BibDesk.
%% http://bibdesk.sourceforge.net/


%% Created for Richard Treu at 2014-01-08 10:50:41 +0100 


%% Saved with string encoding Unicode (UTF-8) 



@book{einfuehung_sap_hana,
	Author = {Berg, Bjarne and Silvia, Penny},
	Date-Added = {2014-01-08 09:28:18 +0000},
	Date-Modified = {2014-01-08 09:31:33 +0000},
	Publisher = {Galileo PRESS},
	Rating = {3},
	Read = {0},
	Title = {Einführung in SAP HANA},
	Year = {2013}}

@BOOK{book_jwt,
	AUTHOR = {Steyer, Manfred AND Softic, Vildan},
	YEAR = {2015},
	TITLE = {Angular JS: Moderne Webanwendungen und Single Page Applications mit JavaScript - },
	EDITION = {},
	ISBN = {978-3-955-61951-0},
	PUBLISHER = {O'Reilly Germany},
	ADDRESS = {Köln},
}


@online{cas,
author = {CAS(a)},
title = {The Children's Aid Society - Overview},
OPTyear = {last refresh: 2014-05-20},
url = {http://www.childrensaidsociety.org/about},
OPTsubtitle = {},
OPTtitleaddon = {•},
OPTlanguage = {•},
OPTversion = {•},
OPTnote = {•},
OPTorganization = {•},
OPTdate = {•},
OPTmonth = {•},
OPTaddendum = {•},
OPTpubstate = {•},
urldate = {2014-05-20},
}

@online{mt_rand,
author = {PHP-Group},
title = {PHP - mt\_rand()},
year = 2015,
OPTyear = {last refresh: 2014-05-20},
url = {http://php.net/manual/de/function.mt-rand.php},
OPTsubtitle = {},
OPTtitleaddon = {•},
OPTlanguage = {•},
OPTversion = {•},
OPTnote = {•},
OPTorganization = {•},
OPTdate = {•},
OPTmonth = {•},
OPTaddendum = {•},
OPTpubstate = {•},
urldate = {2014-05-20},
}

